@INPROCEEDINGS{teh07,
  author =       {Y. W. Teh and K. Kurihara and M. Welling},
  title =        {Collapsed Variational Inference for {HDP}},
  booktitle =    {Neural Information Processing Systems (NIPS)},
  year =         {2007},
}

@TECHREPORT{tehReport06py,
  author =       {Teh, Y.},
  title =        {A {B}ayesian interpretation of interpolated {K}neser-{N}ey},
  institution =  {School of Computing, National University of Singapore},
  year =         {2006},
  number = {TRA2/06},
}

@BOOK{bishop06book,
  author =       {Bishop, Christopher M.},
  title =        {Pattern Recognition and Machine Learning},
  publisher =    {Springer},
  year = {2006},
}

@ARTICLE{blei06variational,
  author =       {D. Blei and M. Jordan},
  title =        {Variational inference for {D}irichlet process mixtures},
  journal =      {Journal of Bayesian Analysis},
  year =         {2006},
  volume =       {1},
  number =       {1},
  pages =        {121--144},
}
