@misc{pretrained_imagenet,
  author = {Ross Wightman},
  title = {PyTorch Image Models},
  year = {2019},
  publisher = {GitHub},
  journal = {GitHub repository},
  url = {https://github.com/rwightman/pytorch-image-models}
}

@inproceedings{imagenet,
  title={Imagenet: A large-scale hierarchical image database},
  author={Deng, Jia and Dong, Wei and Socher, Richard and Li, Li-Jia and Li, Kai and Fei-Fei, Li},
  booktitle={2009 IEEE conference on computer vision and pattern recognition},
  pages={248--255},
  year={2009},
  organization={Ieee}
} 

@article{russian_paper,
title={Статья на русском языке},
author={Автор Русскоязычный},
journal={журнала},
volume={1},
pages={1--3},
year={2021},
publisher={msu.ru}
}