%%%%%%%%%%%%%%%%%%%%%%%%%%%%%%%%%%%%%%%%%%%%%%%%%%%%%%%%%%%%%%%%%%%%%%%%%%%%%%
%%%    БИБЛИОГРАФИЯ ПО ТЕОРИИ ОБУЧАЕМЫХ СИСТЕМ (MACHINE LEARNING THEORY)   %%%
%%%    Составил:     К.В.Воронцов, ВЦ РАН, Москва, 2003--2011              %%%
%%%%%%%%%%%%%%%%%%%%%%%%%%%%%%%%%%%%%%%%%%%%%%%%%%%%%%%%%%%%%%%%%%%%%%%%%%%%%%
%%%                                                                        %%%
%%%    Для обработки данной библиографической базы требуется               %%%
%%%    один из следующих стилевых файлов:                                  %%%
%%%    (они имеются в последних версиях системы MiKTeX)                    %%%
%%%         gost71s.bst                                                    %%%
%%%         gost71u.bst                                                    %%%
%%%         gost780s.bst                                                   %%%
%%%         gost780u.bst                                                   %%%
%%%    Если в Вашей системе таких файлов нет, можно использовать мои,      %%%
%%%    их можно скачать по адресу http://www.ccas.ru/frc/bibtex.html       %%%
%%%         gost71sv.bst                                                   %%%
%%%         gost71uv.bst                                                   %%%
%%%         gost780sv.bst                                                  %%%
%%%         gost780uv.bst                                                  %%%
%%%                                                                        %%%
%%%%%%%%%%%%%%%%%%%%%%%%%%%%%%%%%%%%%%%%%%%%%%%%%%%%%%%%%%%%%%%%%%%%%%%%%%%%%%


@misc{VoronLinearEns,
  author = {К. В. Воронцов},
  title = {{Линейные ансамбли}},
  howpublished = {\\ \url{http://www.machinelearning.ru/wiki/images/3/3a/Voron-ML-Compositions1-slides.pdf}},
  year = {2021}
}

@misc{VoronAdvanceEns,
  author = {К. В. Воронцов},
  title = {{Продвинутые методы ансамблирования}},
  howpublished = {\\ \url{http://www.machinelearning.ru/wiki/images/2/21/Voron-ML-Compositions-slides2.pdf}},
  year = {2021}
}
